% Encoding: UTF-8
@Article{Salih2020,
  author       = {Ahmed E. Salih and Mohamed Elsherif and Murad Ali and Nader Vahdata and Ali K. Yetisen and Haider Butt},
  title        = {Ophthalmic Wearable Devices for Color Blindness Management},
  journaltitle = {Advanced Materials Technologies},
  year         = {2020},
  volume       = {5},
  number       = {8},
  doi          = {10.1002/admt.201901134},
  url          = {https://onlinelibrary.wiley.com/doi/full/10.1002/admt.201901134},

}

@Article{Bandyopadhyay2017,
  author       = {Subhajit Bandyopadhyay and Balraj B. Rathod},
  title        = {The Sound and Feel of Titrations: A Smartphone Aid for Color-Blind and Visually Impaired Students},
  journaltitle = {Journal of Chemical Education},
  year         = {2017},
  volume       = {94},
  number       = {7},
  doi          = {10.1021/acs.jchemed.7b00027},
  url          = {https://pubs.acs.org/doi/full/10.1021/acs.jchemed.7b00027},

}

@Article{Baswaraju2020,
  author       = {Baswaraju Swathi and Koushalya R and Vishal Roshan J and Gowtham M N},
  title        = {Color Blindness Algorithm Comparison for Developing an Android Application},
  journaltitle = {IRJET},
  year         = {2020},
  volume       = {7},
  number       = {5},
  page         = {3608-3618},
  url          = {https://d1wqtxts1xzle7.cloudfront.net/64598521/IRJET-V7I5687-libre.pdf?1601885204=&response-content-disposition=inline%3B+filename%3DIRJET_Color_Blindness_Algorithm_Comparis.pdf&Expires=1731414198&Signature=OkB7HQ3DuOCe4jikAHVbda2ofKsh6KIkT3I2Fy7JRlb2mxgZKjNCxFLgwva6wMZFx701xNpX22rxC9pzJeYC5lXIcrXtGaKxMwIN6n04LRQ9yxB8vUdMk~0tY7yb6xzZDoJIfpl2Qb6K4cXvPzXCUERQ1MFbwki1bcxtqtf7lnPq0mLTJ6Mn9JbrPS4BtYUfkV8wkzLxcUHaGEvnfn5gtf2TC5KSQR6O7TUDdZ6Bw4xgRqmLbciwtyLhc0qNs~dgrMSx2NZ22nGNMDcC7RV6TS2YbKFxLExOpGd5TI2nuCw~fK93t5pL3hOGEnCDOpRZ79yZUCnMaeCcjxMPLR0bIw__&Key-Pair-Id=APKAJLOHF5GGSLRBV4ZA},

}

@online{Crawford2024,
  author       = {Will Crawford},
  title        = {Colorblindness: Designing and Developing for the Colorblind},
  year         = {2024},
  url          = {https://medium.com/digital-products-tech-tales/colorblindness-designing-and-developing-for-the-colorblind-54c6f02fbb57},
  urldate      = {2024-11-08},
}





@Comment{jabref-meta: databaseType:biblatex;}
